<record><leader>00000cas a22000007a 4500</leader><controlfield tag="001">19079307</controlfield><controlfield tag="008">890128d18uu19uuaruuu ne      0    0eng d</controlfield><datafield ind1=" " ind2=" " tag="010"><subfield code="a">sn 89051025 </subfield></datafield><datafield ind1=" " ind2=" " tag="040"><subfield code="a">ANU</subfield><subfield code="b">eng</subfield><subfield code="c">ANU</subfield><subfield code="d">OCLCQ</subfield></datafield><datafield ind1=" " ind2=" " tag="042"><subfield code="a">msc</subfield></datafield><datafield ind1="0" ind2=" " tag="130"><subfield code="a">Clinton Democrat (Clinton, Ark.)</subfield></datafield><datafield ind1="1" ind2="0" tag="245"><subfield code="a">Clinton Democrat.</subfield></datafield><datafield ind1="1" ind2="3" tag="246"><subfield code="a">Van Buren County Democrat</subfield></datafield><datafield ind1=" " ind2=" " tag="260"><subfield code="a">Clinton, Ark. :</subfield><subfield code="b">S.A. Myover</subfield></datafield><datafield ind1=" " ind2=" " tag="300"><subfield code="a">v.</subfield></datafield><datafield ind1=" " ind2=" " tag="588"><subfield code="a">Description based on: Vol. 10, no. 43 (July 23, 1896).</subfield></datafield><datafield ind1=" " ind2=" " tag="752"><subfield code="a">United States</subfield><subfield code="b">Arkansas</subfield><subfield code="c">Van Buren</subfield><subfield code="d">Clinton.</subfield></datafield><datafield ind1="0" ind2="0" tag="780"><subfield code="t">Van Buren County Democrat (Clinton, Ark. : 1887)</subfield><subfield code="w">(DLC)sn 89051024</subfield></datafield></record>